<record><leader>00000cas a22000007a 4500</leader><controlfield tag="001">19380702</controlfield><controlfield tag="008">890317d1948194uaruwr ne      0    0eng d</controlfield><datafield ind1=" " ind2=" " tag="010"><subfield code="a">sn 89051106 </subfield></datafield><datafield ind1=" " ind2=" " tag="040"><subfield code="a">ANU</subfield><subfield code="b">eng</subfield><subfield code="c">ANU</subfield><subfield code="d">OCLCQ</subfield></datafield><datafield ind1=" " ind2=" " tag="042"><subfield code="a">msc</subfield></datafield><datafield ind1="0" ind2="0" tag="245"><subfield code="a">Eureka Springs times-echo and flashlight.</subfield></datafield><datafield ind1="3" ind2="0" tag="246"><subfield code="a">Eureka Springs times-echo</subfield></datafield><datafield ind1=" " ind2=" " tag="260"><subfield code="a">Eureka Springs, Ark. :</subfield><subfield code="b">Everett and Lucille Wheeler</subfield></datafield><datafield ind1=" " ind2=" " tag="300"><subfield code="a">v.</subfield></datafield><datafield ind1=" " ind2=" " tag="310"><subfield code="a">Weekly</subfield></datafield><datafield ind1="0" ind2=" " tag="362"><subfield code="a">Vol. 68, no. 12 (June 10, 1948)-</subfield></datafield><datafield ind1=" " ind2="4" tag="651"><subfield code="a">Eureka Springs (Ark.)</subfield><subfield code="v">Newspapers.</subfield></datafield><datafield ind1=" " ind2="4" tag="651"><subfield code="a">Carroll County (Ark.)</subfield><subfield code="v">Newspapers.</subfield></datafield><datafield ind1=" " ind2=" " tag="752"><subfield code="a">United States</subfield><subfield code="b">Arkansas</subfield><subfield code="c">Carroll</subfield><subfield code="d">Eureka Springs.</subfield></datafield><datafield ind1="0" ind2="4" tag="780"><subfield code="t">Times-echo (Eureka Springs, Ark. : 1946)</subfield><subfield code="w">(DLC)sn 89051107</subfield></datafield><datafield ind1="0" ind2="4" tag="780"><subfield code="t">Eureka Springs flashlight</subfield><subfield code="w">(DLC)sn 89051109</subfield></datafield><datafield ind1="0" ind2="0" tag="785"><subfield code="t">Eureka Springs times-echo (Eureka Springs, Ark. : 1949)</subfield><subfield code="w">(DLC)sn 85000359</subfield></datafield></record>